%Abkuerzungen
%Try to keep things sorted by year
@string{sicomp = "SIAM Journal on Computing"}
@String{acmcs  = "{ACM} Computing Surveys"}
@String{uka    = "Universit{\"a}t Karlsruhe"}
@String{aint   = "Artificial Intelligence"}
@String{cacm   = "Communications of the ACM"}
@String{fgcs   = "Future Generation Computing Systems"}
@String{focs   = "Foundations of Computer Science"}
@String{icpp   = "International Conference on Parallel Processing"}
@String{ipps   = "International Parallel Processing Symposium"}
@String{ijpp   = "International Journal of Parallel Programming"}
@String{jacm   = "Journal of the ACM"}
@String{jpdc   = "Journal of Parallel and Distributed Computing"}
@String{paco   = "Parallel Computing"}
@String{pdpta  = "International Conference on Parallel and Distributed Processing Techniques and Applications"}
@String{tpds   = "IEEE Transactions on Parallel and Distributed Systems"}
@String{pami   = "IEEE Transactions on Pattern Analysis and Machine Intelligence"}
@String{tec     = "IEEE Transactions on Evolutionary Computation"}
@String{ietc   = "IEEE Transactions on Computers"}
@String{ipl    = "Information Processing Letters"}
@String{spaa   = "ACM Symposium on Parallel Architectures and Algorithms"}
@String{stoc   = "ACM Symposium on the Theory of Computing"}

@Article{Far20,
  author    = {M. Faraj, A. van der Grinten ,H. Meyerhenke et al.},
  title     = {High-Quality Hierarchical Process Mapping},
  journal   = {CoRR},
  year      = {2020},
  eprinttype = {arXiv},
  bibsource = {dblp computer science bibliography, https://dblp.org}
}

@book{bichot2013graph,
  title={Graph partitioning},
  author={Bichot, Charles-Edmond and Siarry, Patrick},
  year={2013},
  publisher={John Wiley \& Sons}
}

@book{bulucc2016recent,
  title={Recent advances in graph partitioning},
  author={Bulu{\c{c}}, Ayd{\i}n and Meyerhenke, Henning and Safro, Ilya and Sanders, Peter and Schulz, Christian},
  year={2016},
  publisher={Springer}
}

@incollection{schulz2018graph,
  title={Graph partitioning: Formulations and applications to big data},
  author={Schulz, Christian and Strash, Darren},
  booktitle={Encyclopedia of Big Data Technologies},
  pages={1--7},
  year={2018},
  publisher={Springer, Cham}
}

@article{kirchbach2020better,
  title={Better process mapping and sparse quadratic assignment},
  author={Kirchbach, Konrad Von and Schulz, Christian and Tr{\"a}ff, Jesper Larsson},
  journal={Journal of Experimental Algorithmics (JEA)},
  volume={25},
  pages={1--19},
  year={2020},
  publisher={ACM New York, NY, USA}
}

@inproceedings{berti2006mpi,
  title={What MPI could (and cannot) do for mesh-partitioning on non-homogeneous networks},
  author={Berti, Guntram and Tr{\"a}ff, Jesper Larsson},
  booktitle={Recent Advances in Parallel Virtual Machine and Message Passing Interface: 13th European PVM/MPI User's Group Meeting Bonn, Germany, September 17-20, 2006 Proceedings 13},
  pages={293--302},
  year={2006},
  organization={Springer}
}

@article{predari2021mpi,
  title={An MPI-based Algorithm for Mapping Complex Networks onto Hierarchical Architectures},
  author={Maria Predari, Charilaos Tzovas, Christian Schulz and Henning Meyerhenke},
  organization={Springer},
  year={2021},
  pages={167-182}
}

@article{diestel2017flows,
  title={Flows in Networks},
  author={Diestel, Reinhard and Diestel, Reinhard},
  journal={Graph theory},
  pages={149--154},
  year={2017},
  publisher={Springer}
}

@article{cherkassky1997implementing,
  title={On implementing the pushâ€”relabel method for the maximum flow problem},
  author={Cherkassky, Boris V and Goldberg, Andrew V},
  journal={Algorithmica},
  volume={19},
  pages={390--410},
  year={1997},
  publisher={Springer}
}

@article{chhabra2023faster,
  title={Faster Local Motif Clustering via Maximum Flows},
  author={Chhabra, Adil and Faraj, Marcelo Fonseca and Schulz, Christian},
  journal={arXiv preprint arXiv:2301.07145},
  year={2023}
}

@article{goldberg1988new,
  title={A new approach to the maximum-flow problem},
  author={Goldberg, Andrew V and Tarjan, Robert E},
  journal={Journal of the ACM (JACM)},
  volume={35},
  number={4},
  pages={921--940},
  year={1988},
  publisher={ACM New York, NY, USA}
}

@article{soper2004combined,
        title     = {{A Combined Evolutionary Search and Multilevel Optimisation Approach to Graph-Partitioning}},
        author    = {Soper, A. J. and Walshaw, C. and Cross, M.},
        journal   = {Global Optimization},
        volume    = {29},
        number    = {2},
        pages     = {225--241},
        year      = {2004},
        publisher = {Springer}
}

@inproceedings{benchmarksfornetworksanalysis,
        title     = {Benchmarking for Graph Clustering and Partitioning},
        author    = {Bader, D. A. and Meyerhenke, H. and Sanders, P. and Schulz, C. and Kappes, A. and Wagner, D. },
        booktitle = {Encyclopedia of Social Network Analysis and Mining},
        pages     = {73--82},
        publisher = {Springer},
        year      = {2014}
}

@InCollection{DSSW09,
        author    = "D. Delling and P. Sanders and D. Schultes and D. Wagner",
        title     = {Engineering Route Planning Algorithms},
        booktitle = "Algorithmics of Large and Complex Networks",
        pages     = "117--139",
        publisher = "Springer",
        year      = 2009,
        volume    = 5515,
        series    = "LNCS State-of-the-Art Survey"
}

